<record><leader>00000cas a22000007a 4500</leader><controlfield tag="001">13516521</controlfield><controlfield tag="008">860501d19491982wiudn ne      0    0eng d</controlfield><datafield ind1=" " ind2=" " tag="010"><subfield code="a">sn 86086455 </subfield></datafield><datafield ind1=" " ind2=" " tag="040"><subfield code="a">NPV</subfield><subfield code="b">eng</subfield><subfield code="c">NPV</subfield><subfield code="d">OCLCQ</subfield></datafield><datafield ind1=" " ind2=" " tag="042"><subfield code="a">msc</subfield></datafield><datafield ind1="0" ind2="0" tag="245"><subfield code="a">Twin city news-record.</subfield></datafield><datafield ind1=" " ind2=" " tag="260"><subfield code="a">Menasha, Wis. ;</subfield><subfield code="a">Neenah, Wis. :</subfield><subfield code="b">E.C. Cochrane,</subfield><subfield code="c">1949-1982.</subfield></datafield><datafield ind1=" " ind2=" " tag="300"><subfield code="a">v. :</subfield><subfield code="b">ill.</subfield></datafield><datafield ind1=" " ind2=" " tag="310"><subfield code="a">Daily (except Sat. and Sun.)</subfield></datafield><datafield ind1=" " ind2=" " tag="321"><subfield code="a">Daily (except Sun.),</subfield><subfield code="b">Sept. 19, 1949-&lt;Dec. 31, 1960&gt;</subfield></datafield><datafield ind1="0" ind2=" " tag="362"><subfield code="a">68th year, no. 76 (Sept. 19, 1949)-June 8, 1982.</subfield></datafield><datafield ind1=" " ind2=" " tag="500"><subfield code="a">Publisher varies.</subfield></datafield><datafield ind1=" " ind2=" " tag="515"><subfield code="a">Drops numbering after &lt;80th year, no. 9 (June 30, 1961)&gt;.</subfield></datafield><datafield ind1=" " ind2=" " tag="580"><subfield code="a">"The Post-crescent's Neenah-Menasha section." Cf. May 4, 1962.</subfield></datafield><datafield ind1=" " ind2=" " tag="580"><subfield code="a">Issued with: Appleton post-crescent, June 10, 1963-Jan. 2, 1965.</subfield></datafield><datafield ind1=" " ind2=" " tag="580"><subfield code="a">Issued with: Post-crescent, Jan. 5, 1965-June 8, 1982.</subfield></datafield><datafield ind1=" " ind2=" " tag="752"><subfield code="a">United States</subfield><subfield code="b">Wisconsin</subfield><subfield code="c">Winnebago</subfield><subfield code="d">Neenah.</subfield></datafield><datafield ind1=" " ind2=" " tag="752"><subfield code="a">United States</subfield><subfield code="b">Wisconsin</subfield><subfield code="c">Winnebago</subfield><subfield code="d">Menasha.</subfield></datafield><datafield ind1="1" ind2=" " tag="777"><subfield code="t">Appleton post-crescent</subfield></datafield><datafield ind1="1" ind2=" " tag="777"><subfield code="t">Post-crescent</subfield></datafield><datafield ind1="0" ind2="4" tag="780"><subfield code="t">Daily news-times</subfield><subfield code="w">(DLC)sn 86086454</subfield></datafield><datafield ind1="0" ind2="4" tag="780"><subfield code="t">Menasha record</subfield><subfield code="w">(DLC)sn 86086832</subfield></datafield><datafield ind1="1" ind2="6" tag="780"><subfield code="t">Appleton post-crescent</subfield></datafield><datafield ind1="0" ind2="0" tag="785"><subfield code="t">News-record</subfield><subfield code="w">(DLC)sn 86086456</subfield></datafield><datafield ind1="1" ind2=" " tag="029"><subfield code="a">AU@</subfield><subfield code="b">000025829136</subfield></datafield></record>